2760 3101
0 1282 65 1333 Px

1151 87 1483 145 ·-o:-

199 187 373 263 [ulfi-i
389 186 662 254 dfflaffite'
679 201 909 255 caneret,
923 214 1010 272 qua
1037 200 1083 243 in
1112 199 1258 253 fabula
1298 198 1559 256 exponenda
1595 200 1782 245 imitatus
1821 205 1887 242 est
1919 201 1965 243 in
2010 201 2232 287 nonnullis
2270 203 2453 280 fortasse

197 256 439 326 muni,
449 257 552 321 ’ἂὶῗὲ
562 263 659 325 quo
670 263 818 308 iiiam
846 276 959 308 eum
975 267 1174 308 sumsisse
1203 255 1324 321 dicit
1332 265 1510 315 Cicero,
1529 265 1684 316 (Brut.
1711 280 1747 306 c.
1777 268 1866 319 ἰ9.)

265 329 394 398 '‘,Nec'
420 344 530 386 vero
548 330 642 403 tihi
655 332 895 404 [Ennium
921 340 1197 412 alloquitur]
1226 340 1356 394 aliter
1395 338 1535 381 videri
1575 332 1732 392 debet,
1777 343 1851 397 qui
1892 358 1917 383 a
1958 343 2117 383 Naevio
2160 343 2229 383 vel
2269 316 2451 383 sumsisti

198 396 273 484 nin
274 376 351 481 {⁸³
381 404 419 452 si
429 403 615 473 fatens,
645 409 737 485 vel,
757 407 802 450 -si
831 406 982 465 negas,
1013 404 1313 476 surripuisti.“
1358 403 1619 461 Fragmenta
1648 406 1741 462 ipsa
1768 405 1963 448 indicant
1989 405 2181 449 Ειιιιὶιιιιι
2210 406 2266 449 de
2295 409 2447 450 Aenea

198 458 344 541 atque
346 468 541 518 Anchise
564 462 789 516 cecinisse.
826 471 942 534 Vid.
972 471 1104 513 Ennii
1132 464 1266 530 fr‘agg.
1297 470 1484 512 collecta
1512 485 1537 511 a
1563 471 1779 512 Columna
1809 486 1851 526 p.
1888 488 1947 513 ιι.
1984 485 2044 512 12.

408 601 410 603 ‚
459 547 640 608 „Atqtse
667 550 875 607 Anchises
906 549 1059 603 doctu,
1087 547 1238 587 Venus
1268 561 1401 602 quem
1421 542 1584 602 polcra
1613 546 1797 597 dearum

438 614 593 662 Eat-i.
604 613 803 671 donavit,
833 613 1029 654 divinum
1056 616 1208 667 pectus
1236 610 1414 664 hahere.
1418 615 1446 638 “

195 688 273 737 Hie
293 663 517 734 versibus
539 678 761 739 Anchisen
794 680 892 730 ‘filio
931 686 1243 728 vaticinantem
1281 685 1434 728 induci
1471 686 1585 728 bene
1616 685 1791 727 monuit
1818 685 2046 729 Columna.
2103 656 2301 731 Alterum
2331 688 2448 746 frag-

196 755 415 805 mentam,
445 754 491 795 in
523 768 611 810 quo
641 754 850 796 Anchises
879 758 1171 810 memoratur,
1198 752 1391 803 servavit
1417 752 1617 801 Servius,
1647 750 1765 804 (Vid.
1796 753 2056 805 Columnam
2083 768 2127 809 Ρ.
2164 759 2241 806 12.)

275 820 501 868 Assaraco
512 825 636 863 natus
661 821 803 877 Capys
833 818 1041 873 optimus·
1073 817 1195 872 isque
1224 817 1367 872 pium
1377 831 1427 859 ex
1456 832 1500 859 se
1529 816 1749 858 Anchisen
1779 824 1961 874 generat
1987 843 2042 850 —
2070 842 2123 852 —-
2151 842 2205 851 —

195 886 517 940 Tempestatem
546 886 599 926 ab
628 885 792 937 Aeolo,
829 880 1034 925 hortante
1064 883 1260 934 hincne,
1291 882 1518 937 excitatam
1546 887 1592 924 et
1619 896 1869 924 sermonem
1896 884 2014 924 Jovis
2044 898 2145 925 cum
2164 885 2342 926 Venere
2373 886 2449 927 ha-

192 951 334 991 bitum
376 951 513 992 etiam
541 951 595 991 ab
624 950 773 991 Enn'io
803 950 1047 1005 expositum
1074 949 1206 989 fuisse
1236 961 1288 990 ex
1315 948 1468 989 Servio
1498 948 1552 989 ad
1581 948 1735 1021 Vir-gil.
1764 951 1871 990 Aen.
1902 950 1932 989 1.
1964 950 2196 1002 254-255.
2226 951 2443 1006 conjicio,

194 1016 271 1069 qui
297 1015 434 1057 tradit
461 1015 540 1058 hos
569 1016 748 1073 Virgilii
778 1029 951 1057 vei-xsus

464 1093 557 1133 Olli
584 1092 818 1134 subridens
847 1091 1074 1133 hominum
1103 1095 1221 1131 sator
1248 1096 1379 1146 atque
1411 1089 1597 1146 deorum

406 1190 408 1192 -
461 1157 635 1210 Voltu,
649 1172 739 1213 quo
770 1156 941 1198 caelum
968 1161 1336 1224 tempestatesque
1366 1143 1563 1205 serenat,

189 1234 243 1276 ad
273 1234 563 1293 imitationem
589 1233 727 1274 Ennii
755 1223 846 1275 esse
877 1230 1119 1288 expressos,
1151 1237 1196 1271 et
1224 1231 1339 1286 ipsos
1366 1230 1504 1270 Ennii
1531 1244 1679 1272 versus
1708 1244 1850 1285 paene
1881 1230 2055 1272 divinos
2086 1230 2262 1288 adjicit.

460 1307 664 1365 Juppiter
692 1308 777 1349 hic
793 1309 910 1359 risit,
941 1311 1304 1363 tempestatesque
1335 1319 1515 1346 serenae
1581 1321 1585 1335 ¹

457 1374 668 1415 Riserunt
696 1386 845 1415 omnes
875 1373 968 1413 risu
995 1371 1122 1413 Jovisx
1142 1370 1472 1427 omnipotentis.

269 1451 355 1504 Sed
386 1451 594 1507 quoniam
624 1449 736 1491 nihil
767 1444 849 1489 nisi
878 1440 1063 1489 frustula
1092 1446 1189 1488 satis
1220 1447 1406 1488 obscura
1434 1452 1564 1502 atque
1595 1447 1745 1502 exigua
1775 1461 1824 1487 ex
1853 1448 2014 1489 Naevio
2045 1453 2090 1490 et
2110 1449 2257 1491 Ennio
2284 1451 2338 1493 ad
2361 1455 2460 1494 nos'

185 1522 508 1572 pervenerunt,
553 1516 651 1556 satis
687 1520 810 1556 certo
851 1527 899 1555 ex
934 1514 1000 1554 his
1044 1513 1223 1554 deliniri
1262 1512 1439 1567 nequit,
1472 1526 1583 1566 quae
1616 1512 1825 1568 Virgilius
1864 1527 1914 1554 ex
1944 1513 2011 1554 his
2042 1515 2184 1569 poetis
2214 1521 2439 1570 sumserit,

186 1596 297 1637 quae
328 1582 561 1623 mutaverit
588 1586 717 1635 atque
749 1581 839 1636 ipse
871 1580 1113 1626 invenerit3
1144 1578 1190 1618 id
1218 1584 1363 1618 autem
1395 1583 1441 1617 ut
1464 1578 1608 1632 aliqua
1629 1591 1679 1617 ex
1702 1583 1825 1631 parte
1851 1591 2185 1634 cognoscamus,
2217 1583 2440 1638 paulisper

184 1646 238 1686 ad
268 1645 501 1685 historicos
529 1646 704 1686 Latinos
734 1659 811 1685 nos
842 1649 1082 1694 vertamus,
1113 1654 1203 1683 ιισιι
1235 1657 1323 1698 quo
1354 1644 1408 1684 ab
1438 1643 1638 1683 instituto
1672 1648 1822 1683 nostro
1854 1643 2158 1697 deflectamus,
2189 1648 2264 1688 sed
2295 1655 2343 1689 ut
2371 1652 2437 1690 vi-

185 1711 381 1760 deamus,
413 1725 630 1766 quaenam
658 1710 723 1748 illi
752 1708 839 1749 duo
867 1714 1024 1763 poetae
1055 1708 1110 1748 de
1140 1709 1288 1748 Aenea
1318 1708 1608 1748 narraverint.

255 586 261 608 ³

261 1797 328 1837 De
358 1796 482 1836 Livio
520 1795 618 1835 satis
648 1800 833 1845 constat,
880 1809 979 1835 eum
1009 1795 1054 1833 in
1086 1793 1407 1835 conscribenda
1436 1793 1734 1848 antiquissima
1762 1794 2270 1838 Romanorum-historia
2300 1799 2436 1846 Ennii

181 1862 359 1916 vestigia
387 1860 658 1915 potissimum
686 1873 777 1901 esse
808 1866 1015 1900 secutum.
1074 1861 1109 1900 Is
1135 1865 1280 1900 autem
1307 1860 1351 1911 (Ι.
1388 1862 1437 1910 ι.)
1462 1861 1619 1899 ‘narrat
1638 1859 1829 1899 Aeneam
1857 1859 2022 1911 „domo
2040 1861 2272 1918 profugum
2290 1865 2434 1919 primo

182 1928 227 1967 in
264 1924 567 1966 Macedoniam
604 1920 797 1985 venisse:
844 1923 946 1965 inde
986 1924 1032 1963 in
1074 1923 1265 1969 Siciliam
1302 1923 1514 1965 delatum:
1560 1923 1613 1963 ab
1644 1923 1793 1964 Sicilia
1824 1926 1958 1965 classe
1988 1926 2251 1968 Laurentem
2280 1942 2434 1985 agrum

180 1990 413 2039 tenuisse.“
469 1989 587 2029 Haec
625 1989 758 2043 igitur
794 1989 984 2028 Ennium
1022 2002 1198 2043 quoque
1244 1985 1443 2029 narrasse
1481 1989 1702 2039 existimo,
1748 1989 1967 2043 simulque
1998 1993 2168 2031 Aeneae
2200 1994 2243 2031 in
2276 1995 2435 2034 urbem

181 2055 487 2112 Carthaginem
528 2053 762 2094 adventum
797 2054 1064 2109 exposuisse,
1105 2067 1234 2108 quem
1269 2053 1415 2094 Livius
1454 2048 1657 2095 omittere
1687 2053 1899 2105 debebat,
1946 2069 2000 2095 ne
2031 2056 2430 2111 anachronismum,

179 2128 228 2163 ut
260 2126 444 2172 vocant,
488 2124 644 2174 poetae
682 2133 771 2161 non
811 2119 1091 2171 indecorum,
1121 2119 1323 2162 historiae
1352 2125 1526 2173 turpem
1554 2118 1816 2162 admitteret.
1871 2120 2057 2163 Narrare
2086 2122 2229 2178 pergit
2256 2123 2429 2176 Livius,

181 2183 422 2240 quomodo,
464 2183 675 2223 instructa
711 2183 796 2240 jam
832 2184 1090 2224 Latinorum
1134 2191 1177 2233 et
1215 2182 1513 2239 Trojauorum
1549 2185 1668 2234 acie,
1713 2185 1869 2224 foedus
1900 2186 2057 2236 ictum,
2103 2193 2148 2227 et
2174 2188 2353 2229 Lavinia
2383 2191 2430 2231 iu

178 2246 506 2288 matrimonium
521 2250 696 2288 Aeneae
714 2250 766 2288 sit
780 2249 891 2289 data.
948 2249 1160 2303 Sequitur
1186 2249 1353 2292 bellum
1383 2264 1480 2288 cum
1493 2249 1670 2300 Turno,
1701 2249 1966 2290 Rutulorum
1986 2265 2111 2305 rege,
2128 2253 2312 2293 alterum
2329 2269 2431 2295 cum

174 2312 422 2353 Menzen'tio
452 2317 641 2368 gestum,
673 2312 717 2352 in
749 2326 838 2368 quo
868 2314 1035 2354 Aeneas
1066 2312 1237 2355 cecidit.
1292 2313 1358 2354 Ab
1387 2312 1512 2355 Livio
1544 2312 1723 2359 nimium
1748 2320 1957 2369 quantum
1977 2314 2227 2370 discrepans
2249 2319 2429 2362 Aeneae

174 2376 261 2416 fata
295 2376 446 2431 'multis
482 2376 607 2416 annis
646 2382 746 2417 ante
777 2384 1038 2432 exposuerat
1065 2379 1192 2429 Cato,
1236 2383 1285 2417 ut
1312 2391 1578 2433 cognoscere
1608 2377 1714 2418 licet
1742 2392 1794 2418 ex
1824 2378 1978 2418 Servio
2008 2379 2064 2419 ad
2091 2382 2197 2420 Aen.
2228 2381 2299 2421 Vl.
2329 2383 2427 2425 618.

174 2441 203 2480 1.
234 2440 416 2494 267.1X
417 2442 551 2495 ·74⁵·
580 2440 681 2482 vid
709 2442 920 2483 Niebuhr.
951 2443 1056 2483 Hist.
1086 2444 1208 2485 Rom.
1237 2458 1279 2498 Ρ.
1310 2458 1403 2483 200.
1470 2444 1578 2483 Cato
1610 2443 1717 2484 dicit
1751 2443 1906 2494 „quta
1934 2444 2289 2486 Laurolavinium
2328 2459 2429 2489 cuni

173 2505 349 2545 Aeneae
378 2504 487 2545 socii
514 2504 700 2560 praedas
730 2513 933 2561 agerent,
964 2507 1181 2562 praelium
1209 2507 1480 2549 commissum
1508 2513 1594 2559 est,
1621 2507 1671 2547 *ln
1704 2522 1790 2562 quo
1811 2508 1984 2549 Latinus
2006 2508 2174 2550 occisus
2198 2515 2285 2562 est,
2316 2512 2429 2569 fugit

175 2568 377 2608 Turnus.·
367 2571 395 2593 ·‘
429 2590 485 2601 —
518 2569 800 2620 „Secundum
829 2571 1038 2613 Catonem
1065 2573 1256 2614 Aeneam
1284 2585 1383 2612 cum
1413 2577 1535 2627 patre
1566 2572 1621 2613 ad
1650 2572 1818 2613 Italiam
1844 2573 2035 2625 venisse,
2067 2578 2112 2614 ct
2139 2581 2330 2631 propter
2360 2580 2431 2619 in-

174 2645 297 2672 vasos
333 2645 457 2686 agros
487 2638 643 2673 contra
671 2635 873 2674 Latinum
902 2637 1188 2692 Turnumque
1217 2650 1453 2692 pugnasse,
1492 2635 1538 2675 in
1569 2650 1657 2690 quo
1686 2636 1858 2690 proelio
1889 2638 2025 2691 periit
2051 2638 2279 2680 Ῑιιιιίιιιιι.α
2335 2644 2428 2685 Jam

173 2709 303 2749 supra
330 2695 517 2736 vidimus
547 2698 676 2738 etiam
703 2699 944 2740 secundum
970 2702 1177 2742 Naevium
1203 2700 1454 2742 Anchisen
1440 2716 1488 2741 ιιι
1510 2701 1679 2743 Italiam
1696 2701 1885 2754 venisse,
1914 2702 2032 2745 idem
2054 2717 2155 2746 cum
2177 2707 2426 2750 narraverit

83 2787 87 2791 ·
166 2759 300 2817 Cato,
330 2758 457 2802 etiam
485 2759 531 2801 in
560 2761 656 2805 aliis
684 2762 871 2811 fortasse
897 2778 995 2808 cum
1020 2764 1519 2820 Naevioconsentiebat.

1737 2872 1771 2918 2
