2760 3101
1265 130 1566 178 ...8.-

285 237 405 292 quod
436 249 613 278 carmen
635 244 768 275 orsus
799 239 864 274 est
893 247 916 273 a
946 233 1046 288 fuga
1076 233 1263 275 Aeneae.
1322 233 1518 276 Macrob.
1548 234 1766 278 Saturnal-
1795 234 1868 278 Vl
1881 246 1937 278 ‘·2
1958 236 2052 289 ·„1n
2071 236 2322 296 principio.
2318 234 2578 303 *aggia-,⁷

279 306 512 355 tempestas
542 299 825 348 describitux,
857 303 901 336 et
929 297 1078 337 Venus
1108 298 1225 352 apud
1256 299 1410 338 Jovem
1439 299 1642 352 queritur
1668 299 1733 339 de
1761 299 1978 353 periculis
2010 300 2111 352 titii,
2154 307 2203 343 ot
2228 296 2435 378 Jupini·
2447 322 2550 351 m

281 366 336 406 d‘e
369 367 623 404 futurorum
651 364 945 416 prosperitate
975 362 1155 402 solatur.
1212 363 1293 403 Hic
1322 362 1444 403 locus
1462 368 1591 404 totus
1621 369 1786 405 sumtus
1813 379 1841 406 ιι
1867 365 2029 408 Naevio
2049 370 2124 410 est
2161 379 2212 408 ex
2240 367 2415 424 primo
2432 370 2548 427 Ηιῂο

278 431 395 473 belli·
416 429 581 471 Punici.
640 427 732 468 Illic
764 427 879 470 enim
909 440 1049 482 aeque
1079 418 1252 479 Venus,
1282 426 1483 483 Troianis
1512 433 1772 484 tempestate
1801 427 2131 482 laborantibus,
2170 443 2275 474 cum
2287 430 2410 475 'Jove
2440 448 2551 492 qm.

270 484 416 538 ntur:
450 500 495 536 ct
523 498 771 547 sequuntur
801 492 951 538 veiha
961 493 1076 531 Jovis
1107 492 1239 531 filiam
1268 493 1532 532 consolantis
1561 507 1661 546 spe
1657 493 1936 533 &fututorum
1941 497 1968 520 “
2020 494 2187 540 Totum
2202 496 2350 539 Naevii
2368 512 2548 543 cumn

281 567 450 615 septem
479 559 615 597 libros
647 556 1048 608 complectebatur,
1079 557 1123 594 in
1155 570 1348 609 quorum
1367 557 1516 597 tribus
1546 556 1795 610 prioribus,
1838 562 1887 598 ut
1914 557 2157 612 fragmenta
2185 560 2451 615 obtendunt,
2478 564 2547 614 -de

278 627 428 666 Aenea
455 624 500 663 in
532 621 699 662 ltaliam
728 621 961 675 migrante
972 620 1124 674 agitur.
1155 619 1267 660 Vide
1297 619 1430 676 fragg.
1461 620 1514 662 ab
1546 620 1802 663 Hermanno
1837 621 1884 662 in
1912 620 2106 663 Elemen.
2143 622 2210 667 d.
2218 637 2274 667 m·
2304 623 2548 683 diligenter

282 689 467 731 collecta
494 692 628 741 atque
662 685 892 739 disposita,
921 699 966 739 p,
991 684 1246 728 630-638.
1304 685 1449 724 Naevii
1480 685 1612 740 igitur
1642 699 1819 725 carmen
1840 685 1884 724 in
1914 684 2195 745 ἀιιιιιριξῑα
2201 686 2385 730 divisum
2402 690 2545 745 fnum,

281 761 325 795 et
356 756 397 794 iu
429 753 580 807 priore
613 753 785 790 Aeneae
818 750 990 804 fugam,
1023 748 1259 789 adventum
1288 749 1333 788 in
1364 750 1521 789 urbem
1551 749 1855 806 Carthaginem
1883 755 1930 791 et
1948 746 2306 805 profedtionem
2291 766 2347 794 ιιι
2352 753 2542 809 Latium,

280 820 419 859 alteia
450 817 616 858 bellum
645 814 859 854 Punicum
888 814 1081 867 primum
1112 813 1380 868 descriptum
1408 810 1538 855 'fuisse
1567 814 1775 855 existimo.
2450 856 2455 860 ,

356 884 454 922 Jam
485 881 686 935 priorum
716 878 954 929 librorum,
988 881 1061 933 qui
1090 879 1318 932 pertinent
1345 878 1402 919 ad
1429 892 1526 919 rem
1556 885 1778 928 nostram,
1818 884 2074 934 argumenta
2103 878 2374 924 adumbrnlm
2403 889 2544 938 qua‘m

280 953 442 1001 potero
474 944 736 985 brevissime.

1292 1008 1462 1047 Linea
1505 1008 1550 1055 L*

362 1077 551 1114 Aeneas
560 1087 660 1113 cum
690 1078 814 1126 patre
846 1072 1025 1126 aliisque
1056 1080 1156 1111 ante
1185 1072 1297 1111 urbis
1324 1072 1537 1112 excidium
1565 1072 1702 1127 Troja
1732 1072 1978 1126 egreditur,
2017 1072 2159 1130 [Vid.'
2179 1064 2302 1116 serv.
2340 1076 2395 1117 ad
2434 1078 2540 1119 Aen.

281 1142 331 1182 11.
363 1153 453 1194 797.
484 1136 667 1190 llI.1o.]
700 1143 747 1176 ut
777 1141 960 1190 apparet
990 1150 1039 1176 ex
1070 1137 1341 1191 fragmentist

554 1202 726 1242 Horum
755 1201 946 1257 [Aeneae
978 1206 1021 1240 et
1050 1200 1280 1256 Anchisae]
1311 1206 1471 1242 sectam
1500 1206 1747 1257 sequuntur
1774 1202 1900 1242 multi
1926 1202 2147 1244 mortales.

553 1266 799 1306 Amborum
830 1278 985 1304 uxores
1017 1271 1153 1304 noctu
1182 1265 1330 1306 Troad
1360 1264 1534 1306 exibant

557 1329 779 1381 Capitibus
811 1329 1005 1381 opertis,
1037 1327 1213 1378 flentes,

554 1393 777 1432 Abeuntes
808 1392 959 1431 ambae
992 1392 1178 1432 lacrimis
1208 1407 1309 1433 cum
1338 1393 1497 1434 multis.

276 1459 534 1502 Conscensis
565 1457 744 1497 navibus
776 1462 1033 1510 tempestate
1075 1463 1292 1511 urgentur
1328 1458 1539 1513 Trojani3
1586 1457 1711 1513 [vid.
1748 1458 1940 1498 Macrob.
1979 1457 2006 1497 1.
2042 1446 2109 1512 c.]
2154 1460 2357 1513 queritur
2391 1459 2539 1504 Venus

275 1525 391 1580 apud
422 1525 575 1564 Jovem
605 1521 659 1562 de
689 1520 766 1560 filii
796 1521 1031 1575 periculis,
1062 1521 1136 1562 ille
1164 1535 1263 1562 eam
1292 1522 1462 1564 solatur
1491 1523 1686 1564 fatorum
1710 1522 1823 1563 serie
1852 1527 2066 1563 reserata:
2099 1524 2541 1581 sequitur-Trojano-

276 1604 376 1632 rum
405 1590 449 1628 in
480 1588 639 1628 urbem
669 1586 982 1640 Carthaginem
1009 1585 1237 1627 adventus.

924 1662 926 1665 ’
1280 1652 1546 1693 Linea-11.
2001 1683 2003 1685 -

357 1722 526 1759 Aeneas
556 1681 718 1761 blande
746 1721 924 1772 negatus
954 1731 978 1755 a
1006 1715 1204 1765 Didone,
1236 1715 1505 1770 Carthaginis
1534 1716 1706 1770 regina,
1737 1715 1824 1758 fata
1851 1728 1928 1756 sua
1956 1716 2147 1772 exponit.
2212 1716 2325 1759 Vide
2353 1718 2540 1763 Nonium

276 1787 322 1825 in
352 1799 389 1823 v.
420 1781 625 1837 lzquidum
655 1784 699 1818 et
722 1787 960 1833 per-contat.
991 1793 1033 1833 p.
1065 1780 1157 1819 335.
1189 1784 1234 1818 et
1259 1780 1378 1832 474..

548 1833 716 1873 Blande
748 1838 792 1871 et
820 1832 950 1872 docta
980 1837 1234 1886 percontat,
1264 1834 1429 1872 Aeneas
1461 1846 1549 1886 quo
1580 1837 1708 1887 pacto

509 1891 732 1952 Trojam
763 1897 920 1937 urbem
948 1897 1139 1950 liquerit.

1261 1961 1433 2004 Luna
1477 1961 1559 2003 111.

356 2028 496 2070 Tertii
526 2026 628 2068 libri
658 2031 962 2081 argumentum
992 2025 1187 2079 quamvis
1217 2027 1313 2065 satis
1344 2030 1549 2065 accurate
1580 2031 1710 2079 atque
1740 2030 1861 2065 certe
1890 2024 2066 2065 definiri
2093 2038 2181 2064 non
2205 2027 2362 2080 possit,
2392 2032 2537 2069 tamen

274 2095 385 2136 illud
415 2108 465 2134 ex
494 2093 748 2147 fragmentis
776 2091 879 2131 inde
908 2092 1088 2131 servatis
1116 2091 1215 2131 satis
1246 2090 1471 2132 luculente
1502 2094 1711 2144 apparet,
1742 2089 1785 2128 in
1818 2103 1870 2130 eo
1899 2088 2072 2131 Aeneae
2099 2090 2146 2130 in
2176 2090 2344 2132 Latium
2375 2091 2536 2134 adven-

272 2167 367 2198 tum
410 2163 636 2198 narratum
671 2156 826 2204 fuisse,
882 2162 926 2196 et
961 2154 1073 2196 illud
1116 2155 1246 2196 etiam
1283 2161 1456 2210 patrem
1497 2153 1716 2198 Anchisen
1751 2155 2014 2210 pervenisse.
2085 2154 2376 2211 Vid.'fragm.
2417 2157 2534 2213 apud

275 2224 518 2266 Hermann
547 2220 687 2262 Elem.
720 2220 759 2260 d.
790 2236 845 2260 ιιι.
875 2234 917 2275 Ρ.
946 2220 1063 2261 632.;

548 2286 784 2339 Postquam
813 2286 954 2323 avium
983 2284 1177 2337 adspexit
1204 2284 1370 2338 templa
1401 2284 1607 2327 Anchises
1618 2312 1631 2348 ζ
1659 2297 1782 2325 sacra
1810 2284 1854 2324 in
1885 2297 2033 2325 mensa

545 2350 776 2391 Penatium
805 2354 1032 2402 ponuntur
1061 2347 1242 2389 ordine.
1272 2346 1528 2388 immolabat

545 2415 756 2455 Auratam
784 2413 999 2453 victimam
1028 2412 1240 2467 pulcram.

549 2478 709 2517 Obiter
738 2491 899 2520 moneo
930 2477 1147 2517 Anchisen
1179 2476 1423 2530 augurandi
1452 2481 1585 2532 atque

546 2542 827 2583 ‘vaticinandi
856 2542 1061 2582 facultate
1094 2541 1357 2582 excelluisse.

1106 2647 1698 2697 ENNIUS,

352 2736 634 2790 Propositum
662 2748 764 2774 eum
791 2739 905 2774 esset
927 2734 1073 2774 Ennio
1101 2735 1146 2773 in
1177 2734 1421 2775 Annalibus
1451 2747 1521 2773 res
1537 2734 1751 2775 Romanas
1779 2735 1880 2775 inde
1910 2751 1934 2775 a
1961 2732 2206 2789 primordio
2235 2733 2375 2789 gentis
2395 2741 2530 2783 nsque

270 2803 326 2844 ad
354 2817 430 2844 sua
459 2806 663 2856 tempora
689 2814 930 2853 enarrare,
959 2814 1150 2858 aequum
1178 2805 1298 2852 erat,
1340 2805 1390 2843 ut
1424 2798 1481 2842 de
1511 2800 1660 2840 Aenea
1687 2812 1771 2854 per
1797 2798 1936 2841 maria
1973 2802 2149 2840 errante
2187 2802 2232 2839 et
2270 2795 2445 2838 tandem
2484 2792 2530 2832 in
