2760 3101
1183 76 1484 126 -·.⁴5·-·

203 191 303 228 tum·
323 181 544 232 habebut,
568 178 854 234 (vid...1i.b.-1.
883 191 925 232 p.
955 177 1021 219 56.
1051 181 1104 229 a.)
1135 191 1218 219 nec
1245 184 1392 226 tamen
1423 191 1525 219 eum
1566 177 1650 218 illis
1693 179 2019 229 annumeravit,
2063 180 2143 233 qui
2176 182 2368 230 Aeneam
2408 187 2453 228 iu

206 249 373 290 ltaliam
398 243 710 299 commigrasse,
730 240 1020 284 addiderant.
1046 241 1158 286 vid.
1177 239 1390 296 Niebuhr·
1418 241 1524 287 Hist-
1553 242 1677 299 Rom·
1709 241 1777 283 ed·
1808 255 1918 289 nov„
1938 256 1980 296 p·
2015 241 2104 284 186.

284 304 496 358 Arctiuu's:
517 305 657 365 igitur
679 304 739 350 de
762 305 934 346 &cneum
963 302 1061 346 fati»
1089 309 1190 359 post
1215 303 1394 361 Troiam
1423 318 1618 350 eversam
1646 310 1721 345 aut
1750 305 1933 347 omnino
1964 304 2078 355 nihil
2107 309 2331 361 exposuit,
2380 317 2455 351 aut

204 389 307 417 oum
347 375 393 413 in
429 376 587 417 ‚monte
627 368 707 410 Idu<
739 369 954 408 sive-elia
989 369 1176 423 quadam
1214 374 1368 419 terra,
1404 383 1494 417 uon
1532 375 1677 409 autem
1700 370 1763 424 :in
1802 370 1925 411 Italia
1962 370 2209 418 consedisse
2241 375 2448 415 narravit.

203 435 455 501 A·Virgilio
484 431 714 477 Arctiuum
741 429 874 473 fuisse
894 428 1145 473 lectitatum
1173 431 1293 473 nulla
1322 437 1420 489 eget
1447 432 1838 475 demonstratione.

985 537 1679 614 1,.Ε8,ΟΗΕ”8.

277 623 402 672 ’Iube
441 626 606 682 Mona*
648 625 780 668 etiam
804 589 1004 666 Lesches
1045 623 1362 680 Mitylenaeus,
1406 624 1510 679 qui,
1553 630 1602 666 ut
1642 638 1774 679 supra
1809 624 1975 667 dictum
2015 631 2102 678 est,
2143 627 2261 670 circa
2291 629 2360 671 Ol.
2392 632 2443 674 33

203 690 373 745 floruit,
404 703 584 746 compos
729 688 915 740 dicitur,
944 687 1068 740 (Vid.
1090 688 1273 738 Pausau.
1300 687 1327 727 l.
1357 689 1415 728 X.
1441 688 1524 740 25)
1562 688 1683 743 quod
1722 701 1880 743 poema
1918 695 2091 743 partem
2117 696 2288 733 tantum
2316 694 2450 735 fuisse

205 759 312 799 alius
341 757 401 797 ab*
425 754 629 796 eodem.
673 759 742 794 cta
772 752 966 793 confecti
995 757 1040 792 et
1062 747 1191 800 Ἰλιὰς
1218 752 1356 806 μικρὰ
1386 753 1586 807 inscripti
1615 753 1851 794 admodum
1887 755 2124 795 verisimile
2168 762 2243 797 est.
2313 759 2348 797 F
2353 773 2450 813 rag-

203 825 400 864 mentum
434 814 609 871 saltem,
641 816 762 873 quod
791 832 813 857 a
843 817 995 857 Tzetze
1025 815 1077 856 ad
1108 815 1499 872 Lycophr.v.1263
1531 816 1641 858 adde
1660 819 1815 859 w1232
1847 831 1896 857 ex
1927 817 2058 858 Iliade
2088 833 2222 873 parva
2251 821 2445 872 affertur,

199 885 256 929 ad
280 880 408 927 ’nutv
436 883 600 939 Πέρσην
625 881 668 920 h.
700 895 735 921 e
766 880 821 920 ad
849 884 1020 934 partem
1048 880 1180 919 totius
1210 881 1414 921 carminis
1445 881 1730 931 referendum
1761 886 1834 920 est.
1903 881 2007 937 Ejus
2036 883 2270 937 fragmenti
2302 899 2451 927 versus

202 957 291 992 tres
320 951 493 990 Aeneae
523 948 611 988 fata
638 952 737 1001 post
765 945 945 999 Troiam
975 946 1207 986 extinctam
1233 945 1488 987 brevissime
1517 946 1577 986 ita
1608 944 1894 987 adumbrantz

635 1006 980 1068 [Νεοπτόλεμος]

416 1072 562 1120 Αυτὸν
587 1071 622 1117 τ’
646 1071 853 1130 Ἀγχίσαο
880 1072 1001 1128 γόνον
1030 1076 1177 1117 κλυτὸν
1206 1073 1490 1129 ἱπποδάμοιο,

416 1140 598 1185 ,Αἰνείαν
622 1140 666 1181 ἐν
691 1153 844 1194 νηυσιν
872 1136 1058 1193 ἐβήσατο
1086 1137 1433 1195 ποντοπόροισιν,
1473 1166 1476 1168 v

413 1204 484 1249 'Ex
514 1205 678 1247 πάντων
706 1205 890 1246 Δαναῶν
918 1201 1068 1257 αγέμεν
1094 1205 1220 1258 γεόας
1248 1204 1397 1257 ἔξοχον
1427 1200 1575 1246 αὶλων.

199 1275 261 1314 Ex
303 1272 478 1313 Leschis
525 1270 658 1325 igitur
700 1268 950 1308 narratione
990 1267 1329 1321 Neoptolemus,
1371 1269 1552 1309 Achillis
1592 1268 1734 1319 filius,
1775 1271 1965 1310 Aeneam
2009 1275 2058 1310 ut
2098 1268 2348 1325 δορίληπτον
2401 1274 2446 1313 ἰη

200 1337 382 1377 navibus
414 1335 498 1373 suis
527 1347 676 1372 secum
707 1331 907 1381 abduxit,
948 1337 1058 1385 q'uae
1104 1332 1297 1371 narratio
1338 1333 1525 1371 multum
1559 1333 1614 1372 ab
1655 1332 1855 1371 omnibus
1900 1335 2060 1373 ceteris
2098 1333 2297 1386 decedit,
2342 1342 2385 1377 et
2423 1352 2448 1375 a

198 1401 386 1457 Virgilio
418 1398 673 1476 neutiquam
703 1396 909 1452 adoptari
936 1401 1111 1450 poterat
1139 1401 1327 1451 propter
1357 1379 1581 1438 infamiam
1609 1398 1782 1438 Aeneae
1813 1396 2010 1456 inustam.

929 1504 1726 1552 PISANDER.

219 1640 230 1647 ·
280 1592 538 1634 Pisandrum
559 1593 704 1631 Aenae
736 1590 876 1644 fugam
907 1595 1036 1646 atque
1068 1589 1228 1644 Trojae
1255 1589 1473 1630 excidium
1498 1589 1627 1643 plane
1652 1594 1700 1628 ut
1720 1588 1955 1644 Virgilium
1985 1589 2264 1645 descripsisse
2290 1598 2444 1634 auctor

200 1666 264 1701 est
293 1658 539 1699 Macrobius
571 1657 613 1696 in
646 1655 860 1696 Saturnal.
891 1654 942 1696 V.
967 1668 1003 1695 α.
1060 1655 1182 1705 „Vel
1211 1654 1332 1709 quod
1365 1654 1629 1709 (Virgilius)
1660 1654 1936 1694 eversionem
1965 1654 2125 1710 Trojae
2157 1670 2255 1695 cum
2276 1658 2445 1699 Sinone

200 1738 276 1765 suo
322 1728 366 1762 et
408 1734 523 1776 equo
567 1720 712 1775 ligneo
753 1718 999 1773 ceterisque
1039 1718 1263 1770 omnibus,
1308 1732 1418 1772 quae
1459 1717 1623 1757 librum
1659 1719 1899 1757 secundum
1939 1719 2131 1769 faciunt,
2177 1735 2200 1758 a
2229 1721 2442 1761 Pisandro

199 1796 338 1843 paene
379 1787 432 1825 ad
463 1786 645 1824 verbum
674 1784 1049 1836 transscripserit?
1101 1784 1188 1834 Qui
1226 1784 1348 1823 inter
1370 1785 1560 1823 Graecos
1598 1783 1835 1837 scriptores
1876 1784 2039 1823 eminet
2067 1798 2230 1837 opere,
2269 1786 2389 1839 quod
2420 1802 2445 1827 a

199 1851 361 1906 nuptiis
377 1849 492 1890 Iovis
522 1855 566 1889 et
580 1847 765 1888 sunonis
795 1847 1010 1900 iucipiens
1040 1848 1262 1891 universas
1293 1847 1512 1897 historias,
1544 1861 1654 1901 quae
1685 1847 1838 1886 mediis
1870 1848 2071 1914 Quibus
2101 1845 2279 1888 saeculis
2304 1863 2444 1903 usque

199 1917 253 1956 ad
283 1917 467 1955 aetatem
496 1913 629 1967 ipsius
658 1911 859 1950 Pisandri
888 1912 1191 1966 contigerunt,
1233 1912 1276 1951 in
1306 1925 1438 1951 unam
1467 1911 1624 1950 seriem
1654 1916 1824 1951 coactas
1855 1898 2103 1965 redegerit,
2147 1917 2190 1951 et
2218 1926 2354 1951 unum
2384 1926 2437 1952 ex

201 1980 383 2020 diversis
414 1978 603 2017 hiatibus
632 1982 882 2029 temporum
912 1975 1410 2029 corpus-effecerit.1n
1443 1989 1530 2028 quo
1563 1990 1698 2029 opere
1742 1975 1860 2016 inter
1889 1976 2092 2016 historias
2133 1982 2295 2016 ceteras
2328 1977 2443 2017 inte-

200 2046 307 2086 ritus
350 2056 527 2096 quoque
572 2039 730 2095 'lrojae
775 2040 819 2079 in
858 2039 976 2079 hunc
1017 2039 1394 2080 moduin'relatus
1432 2046 1515 2080 est:
1563 2054 1673 2094 quae
1715 2041 1909 2084 fideliter
1937 2043 2059 2082 Maro
2101 2043 2438 2095 interpretando

199 2110 432 2152 fabricatus
476 2111 541 2149 est
575 2105 657 2145 sibi
698 2104 851 2144 Iliacae
892 2103 1012 2145 urbis
1050 2104 1231 2144 ruinam.
1247 2132 1275 2155 „
1331 2102 1463 2144 Vides
1502 2103 1849 2146 homuncionem
1887 2105 1941 2146 de
1972 2120 2137 2146 summo
2175 2112 2306 2160 poe-ta
2337 2121 2439 2146 curn

198 2177 309 2215 fastu
340 2172 571 2213 dicentem.
628 2170 721 2208 Jam
750 2168 992 2219 videamus,
1025 2169 1099 2222 qui
1131 2169 1202 2208 ille
1232 2168 1441 2209 Pisander
1470 2170 1626 2220 fuerit,
1660 2169 1714 2210 de
1746 2184 1833 2224 quo
1865 2170 2063 2223 loquitur
2090 2170 2354 2210 Macrobius.

279 2239 460 2277 Praeter
489 2235 593 2274 alios
623 2233 765 2273 minus
796 2233 982 2286 insigues
1013 2233 1100 2273 duo
1129 2232 1327 2273 Pisandri
1356 2233 1623 2274 carminibus
1653 2234 1739 2274 suis
1769 2235 2097 2284 inclaruerunt,
2127 2234 2339 2274 Pisander
2361 2235 2441 2275 Ca-

196 2301 396 2343 mirensis
431 2313 461 2339 s.
491 2297 688 2338 Rhodius
718 2302 763 2335 et
789 2296 998 2336 Pisander
1025 2297 1215 2336 Nestoris
1245 2297 1502 2336 Laradensis
1533 2299 1670 2349 filius,
1710 2299 1934 2338 Larandae
1974 2300 2018 2336 in
2048 2287 2267 2351 Lycaonia
2295 2305 2431 2337 natus.

196 2366 434 2419 Antiquior
462 2363 536 2403 ille
567 2364 685 2403 circa
715 2360 785 2402 Ol.
816 2363 880 2401 33.
911 2362 1036 2412 vixit,
1080 2367 1210 2416 poeta
1239 2361 1451 2414 imprimis
1483 2362 1642 2405 nobilis
1673 2369 1716 2402 et
1744 2378 1767 2402 a
1797 2362 2098 2402 Grammaticis
2129 2361 2431 2402 Alexandrinis

197 2431 242 2470 in
286 2441 499 2471 canonem
539 2432 583 2467 et
617 2425 788 2481 cyclum
826 2425 1001 2479 epicum
1043 2426 1214 2467 relatus.
1271 2425 1384 2467 Vide
1425 2425 1479 2465 de
1524 2439 1577 2467 eo
1623 2427 1755 2466 fusius
1798 2426 2090 2480 disputantem
2127 2425 2343 2480 Heynium
2385 2428 2433 2466 in

195 2492 372 2536 Excurs,
403 2494 432 2532 1.
462 2490 517 2533 ad
545 2491 1076 2546 Aen.11.p·373—374.
1114 2490 1355 2545 376—379.
1414 2490 1550 2545 Hujus
1579 2491 1779 2530 Pisandri
1819 2504 1909 2530 non
1950 2491 2033 2529 nisi
2062 2489 2297 2540 Heraclea,
2338 2505 2437 2531 car-

197 2570 298 2599 men
342 2557 517 2609 epicum
560 2554 729 2596 duobus
773 2554 897 2594 libris
938 2554 1206 2610 absolutum,
1247 2561 1530 2597 memoratur.
1588 2556 1723 2596 Recte
1754 2555 1888 2610 igitur
1926 2554 2131 2594 mirantes
2161 2554 2436 2608 quaerimus,

158 2629 159 2635 ¹
199 2620 423 2675 quom'odo
454 2621 488 2660 is
525 2620 663 2670 „inde
695 2634 719 2659 a
747 2619 864 2659 Jovis
895 2625 939 2658 et
966 2620 1149 2659 Junonis
1180 2619 1341 2673 nuptiis
1381 2620 1603 2659 universas
1631 2619 1859 2669 historias,
1905 2604 2016 2671 qffae
2045 2617 2199 2657 mediis
2231 2619 2436 2660 omnibus

199 2686 378 2726 saeculis
408 2698 543 2739 usque
567 2683 628 2724 ad
657 2690 841 2725 aetatem
877 2684 1009 2738 ipsius
1039 2684 1343 2738 contigerant,
1385 2684 1430 2723 in
1461 2698 1593 2724 unam
1621 2683 1783 2724 seriem
1810 2687 2014 2732 coactas„
2055 2680 2289 2724 habuerit?
2347 2683 2434 2724 Sed

197 2748 425 2792 videamus
453 2749 507 2791 de
533 2748 747 2793 Pisandro
775 2747 1005 2793 Larundae
1036 2752 1153 2789 nato.
1208 2749 1244 2789 Is
1281 2748 1388 2790 vixit
1422 2747 1669 2794 Alexandro
1697 2749 1961 2791 Mammaeae
1998 2746 2270 2805 imperante,
2314 2747 2442 2791 tertii
