2760 3101
0 259 56 353 Ξ

0 366 83 481 ξι

0 518 34 590 ἓ.

75 443 177 504 ζῶ
173 421 372 520 Quum
410 455 515 495 mihi
552 459 651 510 post
687 454 918 495 biennium
945 453 989 493 in
1020 453 1250 494 Academia
1278 454 1500 494 Bonnensi
1522 455 1777 496 absolutum
1805 456 1862 497 ad
1892 457 2176 512 Gymnasium
2203 457 2424 497 Monaste-

181 522 325 561 riense
349 517 506 559 Eifliae
533 531 712 558 reverso
742 523 787 557 et
820 517 1064 572 disciplinis
1088 518 1376 567 scholasticis,
1405 519 1688 558 enucleandis
1715 521 1886 560 scilicet
1913 521 2123 571 Latinae,
2155 522 2349 561 Graecae
2378 519 2425 560 Ut

0 586 29 610 ⁴1
103 599 121 623 ι
173 581 422 622 Helu-aicae
444 581 624 635 linguae
652 581 942 635 scriptoribus
963 594 1023 620 ae
1043 590 1203 627 sacrae
1220 580 1451 635 religionis
1479 583 1747 636 praeceptis,
1778 599 1803 623 a
1831 598 1998 624 summo
2025 598 2151 625 mane
2171 583 2226 625 ad
2248 588 2426 623 noctem

178 658 316 702 usqne
345 649 571 699 οωιιμο
604 643 955 717 &mandantur
992 642 1132 684 simul
1148 643 1380 698 provincia
1400 643 1700 685 clancula-andi
1728 646 2081 691 dissertationem
2106 646 2423 702 plfiblogicam

169 709 406 751 munibus-
402 708 535 762 mgni
561 708 782 748 Bomsici
813 707 1056 762 Gymnasiis
1086 708 1321 760 quotannis
1341 722 1374 746 a
1403 708 1526 761 regio
1551 704 1800 750 Ministerio
1829 711 2172 764 praescriptam,
2199 709 2282 750 hac
2309 715 2422 750 t‘em-

175 771 298 827 poris
336 772 530 827 augustia
564 775 710 825 septus
739 770 825 810 'diu
863 770 1134 824 multumqua
1169 770 1384 825 cogitavi,
1443 770 1666 824 quodnam
1705 773 1980 826 potissimum
2024 771 2251 814 scribendi
2292 785 2420 825 argu-

167 842 370 876 -mentnm
408 836 638 891 eligerem,
681 835 933 888 placuitque
972 833 1150 873 tandem
1190 834 1245 874 de
1287 834 1428 890 poetis
1463 836 1641 876 Aeneae
1681 836 1793 877 fata
1802 840 1902 891 post
1931 836 2058 876 Ilium
2088 850 2289 885 eversum
2318 840 2419 875 ante

172 899 410 955 Virgilium
430 898 747 944 enarrantibus
770 893 1018 948 disserere,
1041 897 1171 952 quod
1198 896 1315 937 banc
1337 911 1438 937 rem
1462 904 1513 937 et
1538 898 1756 955 juventuti
1771 900 2013 940 Aeneidem
2036 899 2256 941 1ectitanti
2280 912 2421 951 peru-

170 965 350 1015 iilam,
354 977 444 1004 :nec
472 962 584 1002 viris
612 962 753 1003 doctis
777 959 1091 1016 injucundam
1097 961 1194 1001 fore
1225 958 1529 1014 existimabam.
1586 965 1692 1004 Nam
1722 978 1772 1005 ea
1798 979 1870 1005 res
1896 977 2045 1018 neque
2075 964 2173 1004 satis
2202 962 2255 1003 ad
2285 962 2420 1015 liqui-

165 1030 279 1082 ¹dum
305 1027 522 1084 perducta
550 1033 639 1078 est,
678 1040 821 1081 neque
842 1027 905 1069 ab
934 1026 1279 1066 adolescentium
1306 1026 1459 1067 studiis
1482 1027 1718 1081 abhorret,
1750 1029 1913 1083 quippe
1939 1042 2055 1083 quae
2085 1027 2247 1068 mirum
2279 1039 2420 1081 quan·
2457 1023 2462 1033 “

165 1100 268 1135 ’.ῑιιιιι
294 1093 507 1134 conferat
535 1091 587 1132 ad
614 1089 792 1145 Virgilii
814 1090 1062 1131 Aeneidem
1091 1089 1246 1130 melius
1275 1089 1627 1146 intelligendam,
1667 1097 1713 1134 et
1741 1092 1795 1132 de
1824 1098 1965 1147 poeta
1985 1092 2079 1154 ipso
2112 1086 2271 1152 rectius
2301 1088 2427 1151 judi-r

163 1158 373 1202 .candum.
429 1159 495 1199 De
524 1155 711 1213 Virgilio
742 1155 862 1198 enim
890 1155 965 1211 qui
994 1160 1114 1198 recte
1144 1154 1265 1196 volet
1292 1154 1510 1211 judicare,
1555 1169 1656 1218 eum
1697 1153 1929 1230 primarios
1958 1162 2109 1212 poetas
2153 1161 2197 1197 et
2225 1155 2419 1195 Graeco-

166 1239 271 1265 ι·ιιιιι
300 1229 345 1264 et
366 1223 630 1263 Latinorum
652 1221 799 1275 probe
828 1220 1026 1274 cognitos
1054 1219 1225 1258 habere
1250 1232 1426 1260 necesse
1455 1227 1542 1268 est3
1587 1220 1621 1260 is
1651 1222 1771 1261 enim
1799 1222 1994 1260 omnium
2021 1221 2173 1260 aetatis
2202 1221 2416 1273 Augustae

166 1294 404 1344 ‚poetarum
424 1286 562 1341 longe
580 1284 863 1326 ‹doctissimus
892 1290 1022 1340 atque
1054 1283 1405 1339 diligentissimus
1429 1285 1644 1339 plurimos
1667 1291 1817 1340 poetas
1836 1286 2026 1340 legerat,
2054 1298 2080 1325 e
2104 1284 2261 1340 quibus
2283 1282 2419 1323 multa

161 1354 214 1396 ,in
258 1365 433 1395 carmen
462 1355 598 1391 smum
635 1348 824 1404 recepit,
869 1347 959 1401 alia
994 1347 1257 1399 immutavit,
1301 1361 1440 1403 pauca
1477 1350 1567 1405 ipse
1610 1350 1791 1389 invenit.
1859 1349 1996 1406 Hujus
2034 1349 2100 1389 rei
2141 1348 2416 1388 luculentum

166 1417 384 1473 praebent
410 1414 665 1468 exemplum
703 1419 834 1466 atque
866 1418 1169 1468 argumentum
1188 1411 1393 1458 dimersae
1423 1414 1478 1454 de
1498 1416 1678 1454 Aeneae
1701 1415 1805 1454 „fatis
1836 1415 2133 1467 narrationes,
2173 1427 2279 1467 quas
2308 1426 2413 1465 per-

155 1482 290 1536 :sequi
320 1481 446 1521 nobis
468 1484 593 1520 nunc
615 1483 688 1519 est
707 1477 1002 1533 propositum.

910 1584 1650 1637 HOMERUS.

192 1665 200 1669 ”
247 1678 439 1715 Aeneam
458 1670 766 1726 'Troianorum
804 1669 916 1709 cladi
956 1669 1234 1724 superstitem
1263 1671 1393 1712 fuisse
1424 1670 1474 1711 ad
1508 1685 1645 1711 unum
1675 1672 1825 1713 omnes
1855 1671 2036 1716 tradunt
2064 1677 2109 1713 et
2139 1672 2409 1715 Graecorum

158 1748 212 1783 fet
240 1741 540 1782 Romanorum
568 1740 750 1792 poetae,
789 1734 863 1776 ille
895 1748 1097 1791 quoque,
1119 1750 1152 1787 wa
1182 1750 1270 1792 quo
1302 1736 1426 1793 nobis
1457 1736 1500 1776 in
1531 1736 1688 1778 talibus
1719 1736 2106 1792 disputationibus,
2138 1742 2185 1775 ut
2213 1738 2353 1792 poetis
2383 1752 2409 1778 a

155 1806 295 1849 ‚Musis
325 1808 399 1843 aut
419 1803 556 1852 Jove,
598 1813 795 1855 semper
789 1796 1067 1839 ordiendum
1096 1805 1181 1852 est,
1226 1801 1327 1841 dico
1358 1801 1620 1852 Homerum,
1662 1802 1738 1856 qui
1768 1803 1814 1840 ll.
1844 1803 1940 1842 XX.
1972 1804 2065 1856 307.
2096 1802 2186 1842 308.
2240 1805 2407 1856 Neptu-

157 1885 271 1911 num
293 1869 407 1927 haec
435 1867 747 1907 vaticinantem
768 1864 966 1904 inducit.
1321 1892 1334 1897 ,

538 1930 637 1973 ,Νῦν
665 1928 713 1974 δὲ
741 1928 794 1982 δῇ
824 1925 1003 1970 Αἰνείαο
1030 1925 1106 1982 βιἠ
1139 1926 1355 1983 Τρώεσσιν
1383 1923 1552 1979 ἆνᾶξη,

535 1993 635 2036 Καὶ
659 1990 821 2033 παίᾶων
842 1992 1015 2041 παῖδες,
1040 1990 1113 2033 τοί
1133 2006 1203 2033 κεν
1229 1988 1462 2044 μετόπισθε
1482 1995 1702 2046 γένωνται.

108 2103 111 2106 ,
157 2062 239 2105 His
267 2059 464 2101 versibus
487 2043 606 2096 nihil
633 2056 754 2097 aliud
777 2056 1023 2107 sndicatur,
1049 2057 1138 2094 nisi
1162 2057 1374 2107 Aeneam,
1407 2057 1548 2096 exciso
1577 2057 1774 2098 Priamo
1772 2058 1964 2113 ejusque
1986 2071 2167 2113 genere,
2197 2058 2401 2113 Troianis

165 2129 483 2182 imperaturum
512 2136 624 2172 esse,
654 2127 804 2161 utrum
832 2122 875 2160 in
905 2121 996 2173 ipsa
1017 2122 1135 2161 -urbe
1166 2121 1319 2175 Troja,
1358 2135 1411 2160 an
1442 2121 1541 2160 loco
1573 2121 1614 2160 ei
1645 2120 1831 2163 finitimo
1863 2136 1953 2161 non
1984 2122 2221 2162 declaravit
2247 2129 2401 2177 poeta,

160 2191 237 2231 sed
276 2204 377 2230 cum
405 2187 530 2229 idem
566 2187 617 2226 in
660 2185 861 2239 pluribus
899 2184 1047 2226 Iliadis
1085 2185 1196 2225 locis
1233 2181 1440 2242 Trojam
1450 2200 1474 2225 a
1513 2184 1649 2240 stirpe
1690 2186 1968 2228 interituram
1996 2186 2228 2243 significet,
2264 2186 2400 2242 idque

161 2255 325 2296 factum
355 2265 454 2294 esse
487 2252 539 2292 in
561 2246 763 2306 Odyssea
793 2254 963 2301 narret,
1000 2247 1284 2291 statuendum
1313 2254 1375 2289 est
1403 2261 1456 2289 eo
1487 2248 1586 2289 loco
1615 2249 1836 2304 praedici,
1876 2250 1964 2290 hoc
1992 2251 2111 2302 fore,
2155 2256 2204 2289 ut
2229 2252 2398 2291 Aeneas

157 2319 216 2359 de
246 2317 544 2375 Trojimorum
565 2313 773 2370 ,reliquiis
811 2327 902 2353 ιιοιι
924 2311 1112 2368 quidem
1140 2314 1186 2366 in
1215 2314 1325 2353 urbe
1354 2312 1510 2368 Troja,
1540 2319 1585 2352 at
1611 2319 1755 2356 tamen
1779 2314 1824 2352 in
1852 2314 1952 2354 Ioco
1969 2315 2011 2354 ei
2026 2315 2209 2354 finitimo
2226 2315 2417 2369 regium‘

160 2384 397 2438 imperium
423 2387 651 2428 wexerceat
687 2380 751 2420 de
787 2379 1075 2434 emigratione
1099 2393 1161 2419 ne
1189 2378 1372 2419 verbum
1401 2377 1581 2432 quidem
1609 2378 1724 2418 inest
1752 2378 1797 2418 in
1826 2379 2021 2420 versibus
2051 2378 2152 2420 illis.
2207 2379 2398 2422 Tantum

156 2450 303 2505 igitur
311 2448 465 2499 abest,
488 2452 545 2488 ut
572 2446 788 2487 Homerus
811 2445 990 2484 Aeneae
1020 2442 1067 2484 in
1096 2442 1262 2485 Italiam
1289 2441 1614 2498 profectionem
1642 2441 1879 2494 cecinerit,
1917 2448 1965 2484 ut
1992 2442 2117 2484 illum
2146 2443 2190 2484 in
2213 2443 2397 2487 Troade

159 2511 364 2554 mansisse
387 2510 669 2554 indicaverit.
724 2509 791 2550 De
814 2508 920 2549 loco
945 2508 1187 2549 Homerico
1216 2507 1315 2548 satis
1345 2507 1511 2547 dictum
1539 2513 1628 2557 est,
1659 2506 1734 2547 sed
1748 2513 1995 2561 antequam
2022 2507 2079 2547 ad
2106 2507 2228 2547 alios·
2241 2514 2396 2563 poetas

157 2575 555 2637 transgrediamur,
579 2575 829 2625 videamus,
852 2573 1084 2629 quomodo
1107 2571 1317 2628 Virgilius
1336 2571 1434 2612 illos
1458 2584 1608 2612 versus
1632 2571 1677 2612 iu
1699 2584 1794 2611 rem
1816 2585 1935 2611 suam
1959 2561 2243 2611 converterit.
2300 2571 2399 2614 Jam

155 2647 258 2684 anta
285 2640 551 2681 Strabonem
579 2641 779 2691 fuerunt,
810 2639 907 2694 qui,
928 2652 1036 2678 cum
1064 2637 1302 2678 Homerum
1329 2649 1429 2676 cum
1456 2635 1542 2676 suis
1564 2635 1768 2692 ipsorum
1789 2641 1834 2675 et
1856 2633 2044 2675 aliorum
2065 2627 2427 2678 narrationibus·

88 2742 92 2746 .
144 2704 391 2758 conciliare
418 2703 608 2757 vellent,
636 2700 863 2767 πάντεσσιν
888 2715 973 2760 pro
997 2698 1221 2759 Τρώεσσιν
1243 2699 1582 2758 interpolarent.
1637 2698 1738 2744 vid.
1767 2699 1908 2743 strab.
1938 2698 2015 2742 lib.
2039 2695 2157 2743 XIII.
2184 2714 2228 2758 p.
2249 2714 2322 2761 99.
2342 2701 2390 2746 6.

2479 1734 2497 1760 ⁴.
